@misc{7sketches_compositionality,
  title         = {Seven Sketches in Compositionality: An Invitation to Applied Category Theory},
  author        = {Brendan Fong and David I Spivak},
  year          = {2018},
  eprint        = {1803.05316},
  archiveprefix = {arXiv},
  primaryclass  = {math.CT}
}

@book{categories_working_mathematician,
  title     = {Categories for the working mathematician},
  author    = {Lane, Saunders Mac},
  publisher = {Springer},
  series    = {Graduate Texts in Mathematics},
  edition   = 2,
  month     = sep,
  year      = 1998,
  address   = {New York, NY},
  language  = {en}
}

@misc{nlab:adjoint_functor,
  author       = {{nLab authors}},
  title        = {adjoint functor},
  howpublished = {\url{https://ncatlab.org/nlab/show/adjoint+functor}},
  note         = {\href{https://ncatlab.org/nlab/revision/adjoint+functor/122}{Revision 122}},
  month        = apr,
  year         = 2023
}

@misc{nlab:cartesian_product,
  author       = {{nLab authors}},
  title        = {cartesian product},
  howpublished = {\url{https://ncatlab.org/nlab/show/cartesian+product}},
  note         = {\href{https://ncatlab.org/nlab/revision/cartesian+product/24}{Revision 24}},
  month        = apr,
  year         = 2023
}

@misc{nlab:cat,
  author       = {{nLab authors}},
  title        = {{{C}}{{A}}{{T}}},
  howpublished = {\url{https://ncatlab.org/nlab/show/CAT}},
  note         = {\href{https://ncatlab.org/nlab/revision/CAT/3}{Revision 3}},
  month        = apr,
  year         = 2023
}

@misc{nlab:category,
  author       = {{nLab authors}},
  title        = {category},
  howpublished = {\url{https://ncatlab.org/nlab/show/category}},
  note         = {\href{https://ncatlab.org/nlab/revision/category/83}{Revision 83}},
  month        = apr,
  year         = 2023
}

@misc{nlab:hom-functor,
  author       = {{nLab authors}},
  title        = {hom-functor},
  howpublished = {\url{https://ncatlab.org/nlab/show/hom-functor}},
  note         = {\href{https://ncatlab.org/nlab/revision/hom-functor/23}{Revision 23}},
  month        = apr,
  year         = 2023
}

@misc{nlab:product_category,
  author       = {{nLab authors}},
  title        = {product category},
  howpublished = {\url{https://ncatlab.org/nlab/show/product+category}},
  note         = {\href{https://ncatlab.org/nlab/revision/product+category/6}{Revision 6}},
  month        = apr,
  year         = 2023
}

@misc{nlab:set,
  author       = {{nLab authors}},
  title        = {{{S}}et},
  howpublished = {\url{https://ncatlab.org/nlab/show/Set}},
  note         = {\href{https://ncatlab.org/nlab/revision/Set/38}{Revision 38}},
  month        = apr,
  year         = 2023
}
