@book{adamek_herrlich_strecker:joy_cats,
  title     = {Abstract and Concrete Categories: The Joy of Cats},
  author    = {Adamek, Jiri and Herrlich, Horst and Strecker, George E and
               {Mathematics}},
  publisher = {Dover Publications},
  series    = {Dover Books on Mathematics},
  month     = aug,
  year      = 2009,
  address   = {Mineola, NY}
}

@book{awodey:category_theory,
  title     = {Category Theory},
  author    = {Awodey, Steve},
  publisher = {Oxford University Press},
  series    = {Oxford Logic Guides},
  edition   = 2,
  month     = jun,
  year      = 2010,
  address   = {London, England}
}

@book{fong_spivak:7sketches,
  title     = {An invitation to applied category theory: 7 Sketches in
               Compositionality},
  author    = {Fong, Brendan and Spivak, David I},
  publisher = {Cambridge University Press},
  month     = jul,
  year      = 2019,
  address   = {Cambridge, England}
}

@book{leinster:basic_category_theory,
  title     = {Basic category theory},
  author    = {Leinster, Tom},
  publisher = {Cambridge University Press},
  month     = jul,
  year      = 2014,
  address   = {{Cambridge, England}}
}

@book{maclane_moerdijk:sheaves_geometry_logic,
  title     = {Sheaves in geometry and logic},
  author    = {MacLane, Saunders and Moerdijk, Ieke},
  publisher = {Springer},
  series    = {Universitext},
  edition   = 1,
  month     = may,
  year      = 1992,
  address   = {New York, NY}
}

@book{maclane:working_mathematician,
  title     = {Categories for the working mathematician},
  author    = {Lane, Saunders Mac},
  publisher = {Springer},
  series    = {Graduate Texts in Mathematics},
  edition   = 2,
  month     = sep,
  year      = 1998,
  address   = {New York, NY}
}


@online{math3ma:limits2,
  author  = {Tai-Danae Bradley},
  title   = {Limits and Colimits, Part 2 (Definitions)},
  url     = {https://www.math3ma.com/blog/limits-and-colimits-part-2},
  date    = {2018},
  urldate = {2023-07-04}
}

@book{milewski:category_theory_programmers,
  title  = {Category theory for programmers},
  author = {Milewski, Bartosz},
  month  = aug,
  year   = 2019
}
